@STRING(JCP="J. Comput. Phys.")
@STRING(TEL="Tellus A")
@STRING(QJRMS="Q.J.R. Meteorol. Soc.")
@STRING(JFM="J. Fluid Mech.")
@STRING(MWR="Mon. Wea. Rev.")
@STRING(SIAMJSC="SIAM J. SCI. COMPUT.")
@STRING(JM="J. Met.")
@STRING(PRSL="Proc. Roy. Soc. London {\em A}")
@STRING(ATM="Atmosfera")
@STRING(JMR="J. Mar. Res.")
@STRING(JAS="J. Atmos. Sci.")
@STRING(PF="Phys. Fluids")
@STRING(CSE="Comp. Sci. Eng.")
@STRING(ZAM="ZAMM")
@STRING(ARFM="Ann. Rev. Fluid Mech.")
@STRING(SIAMR="SIAM Rev.")
@STRING(GAFD="Geophys. Astro. Fluid Dyn.")
@STRING(CUP="Cambridge University Press")
@STRING(SPR="Springer-Verlag")
@STRING(OSP="Oxford Science Publications")
@STRING(PH="Prentice Hall")
@STRING(JWS="John Wiley and Sons, Inc.")
@STRING(AP="Academic Press")
@STRING(CRC="CRC Press")
@STRING(AWP="Adison-Wesley Publishing Company, Inc.")
@STRING(OUP="Oxford University Press")
@STRING(DOV="Dover Publications")
@STRING(SIAM="SIAM")
@STRING(JHUP="John Hopkins University Press")
@STRING(WMO="World Meteorological Organisation")
@STRING(MH="McGraw-Hill")
@STRING(TELL="Tellus")

@ARTICLE{Williamson:STS,
   AUTHOR = {D. L. Williamson and J. B. Drake and J. J. Hack and R. Jakob and P. N. Swarztrauber},
   TITLE = {A Standard Test Set for Numerical Approximations to the Shallow Water Equations in Spherical Geometry},
   JOURNAL = JCP,
   VOLUME = 102,
   PAGES = {211--224},
   YEAR = 1992
}

@ARTICLE{Thuburn:NSR,
   AUTHOR = {J. Thuburn and Y. Li},
   TITLE = {Numerical simulations of Rossby-Haurwitz waves},
   JOURNAL = TEL,
   VOLUME = 52,
   PAGES = {181--189},
   YEAR = 2000
}

@ARTICLE{Bates:GSW,
   AUTHOR = {J. R. Bates and Y. Li and A. Brandt and S. F. McCormick and J. Ruge},
   TITLE = {A global shallow-water numerical model based on the semi-Lagrangian advection of potential vorticity},
   JOURNAL = QJRMS,
   VOLUME = 121,
   PAGES = {1981--2005},
   YEAR = 1995
}

@ARTICLE{Baines:SPW,
   AUTHOR = {P. G. Baines},
   TITLE = {The stability of planetary waves on a sphere},
   JOURNAL = JFM,
   VOLUME = 73,
   NUMBER = {part 2},
   PAGES = {193--213},
   YEAR = 1976
}

@ARTICLE{Hoskins:SRH,
   AUTHOR = {B. J. Hoskins},
   TITLE = {Stability of the {Rossby-Haurwitz} wave},
   JOURNAL = QJRMS,
   VOLUME = 99,
   PAGES = {723--745},
   YEAR = 1973
}

@ARTICLE{Hack:STS,
   AUTHOR = {R. Jakob-Chien and J J. Hack and D. L. Williamson},
   TITLE = {Spectral transform solutions to the shallow water test set},
   JOURNAL = JCP,
   VOLUME = 119,
   PAGES = {164--187},
   YEAR = 1995
}

@ARTICLE{Swarztrauber:STM,
   AUTHOR = {P. N. Swarztrauber},
   TITLE = {Spectral transform methods for solving the shallow-water equations on the sphere},
   JOURNAL = MWR,
   VOLUME = 124,
   PAGES = {730--744},
   YEAR = 1996
}

@ARTICLE{Shen:ESG,
   AUTHOR ={J. Shen},
   TITLE ={Efficient {spectral-Galerkin} methods {III}: {Polar and cylindrical geometries}},
   JOURNAL = SIAMJSC,
   VOLUME = 18,
   NUMBER = 6,
   MONTH = {November},
   PAGES = {1583--1604},
   YEAR = 1997
}

@ARTICLE{Silberman:PWA,
   AUTHOR = {I. Silberman},
   TITLE = {Planetary waves in the atmosphere},
   JOURNAL = JM,
   VOLUME = 11,
   PAGES = {27--34},
   YEAR = 1954
}

@ARTICLE{Longuet:PWRS1,
   AUTHOR = {M. S. Longuet-Higgins},
   TITLE = {Planetary waves on a rotating sphere},
   JOURNAL = PRSL,
   VOLUME = 279,
   PAGES = {446--473},
   YEAR = 1964
}

@ARTICLE{Longuet:PWRS2,
   AUTHOR = {M. S. Longuet-Higgins},
   TITLE = {Planetary waves on a rotating sphere. {II}},
   JOURNAL = PRSL,
   VOLUME = 284,
   PAGES = {40--68},
   YEAR = 1965
}

@ARTICLE{Taylor:SEM,
   AUTHOR = {M. Taylor and J. Tribbia and M. Iskandarani},
   TITLE = {The Spectral Element Method for the Shallow Water Equations on the Sphere},
   JOURNAL = JCP,
   VOLUME = 130,
   PAGES = {92--108},
   YEAR = 1997
}

@ARTICLE{Cheong:DFS,
   AUTHOR = {H.-B. Cheong},
   TITLE = {Double Fourier Series on a Sphere: {Applications to elliptic and vorticity equations}},
   JOURNAL = JCP,
   VOLUME = 157,
   PAGES = {327--349},
   YEAR = 2000
}

@ARTICLE{Cheong:ADF,
   AUTHOR = {H.-B. Cheong},
   TITLE = {Application of Double Fourier Series to the Shallow-Water Equations on a Sphere},
   JOURNAL = JCP,
   VOLUME = 165,
   PAGES = {261--287},
   YEAR = 2000
}

@ARTICLE{Lanser:TIS,
   AUTHOR = {D. Lanser and J. G. Blom and J. G. Verwer},
   TITLE = {Time Integration of the Shallow Water Equations in Spherical Geometry},
   JOURNAL = JCP,
   VOLUME = 171,
   PAGES = {373--393},
   YEAR = 2001
}

@ARTICLE{Layton:CSC,
   AUTHOR = {A. T. Layton},
   TITLE = {Cubic Spline Collocation Method for the Shallow Water Equations on the Sphere},
   JOURNAL = JCP,
   VOLUME = 179,
   PAGES = {578--592},
   YEAR = 2002
}

@ARTICLE{Nihei:FSS,
   AUTHOR = {T. Nihei and K. Ishii},
   TITLE = {A fast solver of the shallow water equations on a sphere using a combined compact difference scheme},
   JOURNAL = JCP,
   VOLUME = 187,
   PAGES = {639--659},
   YEAR = 2003
}

@ARTICLE{Layton:SLD,
   AUTHOR = {A. T. Layton and W. F. Spotz},
   TITLE = {A semi-Lagrangian double Fourier method for the shallow water Equations on the sphere},
   JOURNAL = JCP,
   VOLUME = 189,
   PAGES = {180--196},
   YEAR = 2003
}

@ARTICLE{Tolstykh:VDS,
   AUTHOR = {M. A. Tolstykh},
   TITLE = {Vorticity-Divergence Semi-Lagrangian Shallow-Water Model of the Sphere Based on Compact Finite Differences},
   JOURNAL = JCP,
   VOLUME = 179,
   PAGES = {180--200},
   YEAR = 2002
}

@ARTICLE{Tomita:SWM,
   AUTHOR = {H. Tomita and M. Tsugawa and M. Satoh and K. Goto},
   TITLE = {Shallow Water Model on a Modified Icosahedral Geodesic Grid by using Spring Dynamics},
   JOURNAL = JCP,
   VOLUME = 174,
   PAGES = {579--613},
   YEAR = 2001
}

@ARTICLE{Nielsen:STA,
   AUTHOR = {A. Wiin-Nielsen and H. Marshall},
   TITLE = {On the structure of transient atmospheric waves. {Part III}},
   JOURNAL = ATM,
   VOLUME = 3,
   PAGES = {73--109},
   YEAR = 1990
}

@ARTICLE{Higgins:IRG,
   AUTHOR = {M. S. Longuet-Higgins},
   TITLE = {New integral relations for gravity waves of finite amplitude},
   JOURNAL = JFM,
   VOLUME = 149,
   PAGES = {205--215},
   YEAR = 1984
}

@ARTICLE{Austin:BML,
   AUTHOR = {J. F. Austin},
   TITLE = {The blocking of middle latitude westerly waves by planetary waves},
   JOURNAL = QJRMS,
   VOLUME = 106,
   PAGES = {327--350},
   YEAR = 1980
}

@ARTICLE{Haurwitz:MAD,
   AUTHOR = {B. Haurwitz},
   TITLE = {The Motion of Atmospheric Disturbances on the Spherical Earth},
   JOURNAL = JMR,
   VOLUME = 3,
   PAGES = {254--267},
   YEAR = 1940
}

@ARTICLE{Rossby:RBV,
   AUTHOR = {C.-G. Rossby and collaborators},
   TITLE = {Relation between variations in the intensity of the zonal circulation of the atmosphere and the displacements of the semi-permanent centers of action},
   JOURNAL = JMR,
   VOLUME = 2,
   PAGES = {38--55},
   YEAR = 1939
}

@ARTICLE{Phillips:NIP,
   AUTHOR = {N. A. Phillips},
   TITLE = {Numerical Integration of the Primitive Equations on the Hemisphere},
   JOURNAL = MWR,
   VOLUME = 87,
   PAGES = {333--345},
   YEAR = 1959
}

@ARTICLE{Charney:CBB,
   AUTHOR = {J. G. Charney and J. Shukla and K. C. Mo},
   TITLE = {Comparison of a Barotropic Blocking theory with Observation},
   JOURNAL = JAS,
   VOLUME = 38,
   PAGES = {762--779},
   YEAR = 1981
}

@ARTICLE{Charney:MFE,
   AUTHOR = {J. G. Charney and J. G. DeVore},
   TITLE = {Multiple Flow Equilibria in the Atmosphere and Blocking},
   JOURNAL = JAS,
   VOLUME = 36,
   PAGES = {1205--1216},
   YEAR = 1979
}

@ARTICLE{Trulsen:EWW,
   AUTHOR = {K. Trulsen and C. C. Mei},
   TITLE = {Effects of weak wind damping on Wilton's ripples},
   JOURNAL = JFM,
   VOLUME = 335,
   PAGES = {141--163},
   YEAR = 1997
}

@ARTICLE{Trulsen:MTR,
   AUTHOR = {K. Trulsen and C. C. Mei},
   TITLE = {Modulations of three resonating gravity-capillary waves by a long gravity wave},
   JOURNAL = JFM,
   VOLUME = 290,
   PAGES = {345--376},
   YEAR = 1995
}

@ARTICLE{Schwartz:CEA,
   AUTHOR = {L. W. Schwartz},
   TITLE = {Computer extension and analytic continuation of Stokes' expansion for gravity waves},
   JOURNAL = JFM,
   VOLUME = 62,
   PAGES = {553--578},
   YEAR = 1974
}

@ARTICLE{Schwartz:NSE,
   AUTHOR = {L. W. Schwartz and J.-M. Vanden-Broeck},
   TITLE = {Numerical solution of the exact equations for capillary-gravity waves},
   JOURNAL = JFM,
   VOLUME = 95,
   PAGES = {119--139},
   YEAR = 1979
}

@ARTICLE{Forbes:AIW,
   AUTHOR = {L. K. Forbes and S. R. Belward},
   TITLE = {Atmospheric interfacial waves in the presence of two moving fluid layers},
   JOURNAL = PF,
   VOLUME = 6,
   NUMBER = 10,
   MONTH = {October},
   PAGES = {3306--3316},
   YEAR = 1994
}

@ARTICLE{Pope:TEA,
   AUTHOR = {V. Pope and T. Davies},
   TITLE = {Testing and Evaluating Atmospheric Climate Models},
   JOURNAL = CSE,
   VOLUME = 4,
   NUMBER = 5,
   MONTH = {Sep-Oct},
   PAGES = {64--69},
   YEAR = 2002
}

@ARTICLE{Klein:AAA,
   AUTHOR = {R. Klein},
   TITLE = {Asymptotic Analyses for Atmospheric Flows and the Construction of Asymptotically Adaptive Numerical Methods},
   JOURNAL = ZAM,
   VOLUME = 80,
   PAGES = {765--777},
   YEAR = 2000
}

@INPROCEEDINGS{Randall:BHA,
    AUTHOR = {P. N. Edwards},
    TITLE = {A Brief History of Atmospheric General Circulation Modeling},
    BOOKTITLE = {General Circulation Development, Past Present and Future: {The Proceedings of a Symposium in Honor of Akio Arakawa}},
    YEAR = 2000,
    EDITOR = {D. A. Randall},
    PAGES = {67--90},
    PUBLISHER = {New York: Academic Press}
}


@ARTICLE{Lindzen:SPW,
    AUTHOR = {R. S. Lindzen},
    TITLE = {Stationary planetary waves, blocking, and interannual variability},
    JOURNAL= {Adv. Geophys.},
    VOLUME = 29,
    PAGES = {251--273},
    YEAR = 1986
}


@ARTICLE{Neumaier:SIC,
    AUTHOR = {A. Neumaier},
    TITLE = {Solving Ill-Conditioned and Singular Linear Systems: {A tutorial on regularization}},
    JOURNAL = SIAMR,
    VOLUME = 40,
    PAGES = {636--666},
    YEAR = 1998
}

@ARTICLE{Mcwilliams:FTV,
    AUTHOR = {J. C. McWilliams and L. P. Graves and M. T. Montgomery},
    TITLE = {A Formal Theory for Vortex Rossby Waves and Vortex Evolution},
    JOURNAL = GAFD,
    VOLUME = 97,
    NUMBER = 5,
    MONTH = {Aug},
    PAGES = {275--309},
    YEAR = 2003
}

@BOOK{Press:NRC,
    AUTHOR = {W. H. Press and S. A. Teukolsky and W. T. Vetterling and B. P Flannery},
    TITLE = {Numerical Recipes in C++: {The art of scientific computing}},
    PUBLISHER = CUP,
    EDITION = {2nd},
    YEAR = 2002
}

@BOOK{Duran:NMW,
    AUTHOR = {D. R. Durran},
    TITLE = {Numerical Methods for Wave Equations in Geophysical Fluid Dynamics},
    PUBLISHER = SPR,
    SERIES = {Texts in applied mathematics},
    VOLUME = 32,
    YEAR = 1998
}

@BOOK{Horton:BVC,
    AUTHOR = {I. Horton},
    TITLE = {Beginning Visual C++ 5},
    PUBLISHER = {Wrox Press Ltd.},
    YEAR = 1997
}

@BOOK{Neittaanmaki:IPO,
    AUTHOR = {P. Neittaanmaki and M. Rudnicki and A. Savini},
    TITLE = {Inverse Problems and Optimal Design in Electricity and Magnetism},
    PUBLISHER = OSP,
    SERIES = {Monographs in Electrical and Electronic Engineering},
    VOLUME = 35,
    YEAR = 1996
}

@BOOK{Deitel:CHP,
    AUTHOR = {H. M. Deitel and P. J. Deitel},
    TITLE = {C++ How to Program},
    PUBLISHER = PH,
    YEAR = 1994
}

@BOOK{Haltiner:NWP,
    AUTHOR = {G. J. Haltiner},
    TITLE = {Numerical Weather Prediction},
    PUBLISHER = JWS,
    YEAR = 1971
}

@BOOK{Arfken:MMP,
    AUTHOR = {G. Arfken},
    TITLE = {Mathematical Methods for Physicists},
    PUBLISHER = AP,
    EDITION = {3rd},
    YEAR = 1985
}

@BOOK{Pedlosky:GFD,
    AUTHOR = {J. Pedlosky},
    TITLE = {Geophysical Fluid Dynamics},
    PUBLISHER = SPR,
    YEAR = 1982
}

@BOOK{Krishnamurti:INW,
    AUTHOR = {T. N. Krishnamurti and L. Bounoua},
    TITLE = {An Introduction to Numerical Weather Prediction Techniques},
    PUBLISHER = CRC,
    YEAR = 1996
}

@BOOK{Barton:SEC,
    AUTHOR = {J. J. Barton and L. R. Nackman},
    TITLE = {Scientific and Engineering C++: {An introduction with advanced techniques and examples}},
    PUBLISHER = AWP,
    YEAR = 1994
}

@BOOK{Salmon:LGF,
    AUTHOR = {R. Salmon},
    TITLE = {Lectures on Geophysical Fluid Dynamics},
    PUBLISHER = OUP,
    YEAR = 1998
}

@BOOK{Batchelor:IFD,
    AUTHOR = {G. K. Batchelor},
    TITLE = {Introduction to Fluid Dynamics},
    PUBLISHER = CUP,
    YEAR = 1967
}

@BOOK{Lamb:H,
    AUTHOR = {Sir H. Lamb},
    TITLE = {Hydrodynamics},
    PUBLISHER = DOV,
    EDITION = {6th},
    YEAR = 1945
}

@BOOK{Snyder:CMN,
    AUTHOR = {M. A. Snyder},
    TITLE = {Chebyshev Methods in Numerical Approximation},
    PUBLISHER = PH,
    SERIES = {Prentice Hall Series in Automatic Computation},
    YEAR = 1966
}

@BOOK{Fox:CPN,
    AUTHOR = {L. Fox and I. B. Parker},
    TITLE = {Chebyshev Polynomials in Numerical Analysis},
    PUBLISHER = OUP,
    YEAR = 1968
}

@BOOK{Gottlieb:NAS,
    AUTHOR = {D. Gottlieb and S. A. Orszag},
    TITLE = {Numerical Analysis of Spectral Methods: {Theory and applications}},
    PUBLISHER = SIAM,
    SERIES = {Regional Conference Series in Applied Mathematics},
    YEAR = 1977
}

@BOOK{Canuto:SMF,
    AUTHOR = {C. Canuto},
    TITLE = {Spectral Methods in Fluid Dynamics},
    PUBLISHER = SPR,
    SERIES = {Springer Series in Computational Physics},
    YEAR = 1988
}

@BOOK{James:ICA,
    AUTHOR = {I. N. James},
    TITLE = {Introduction to Circulating Atmospheres},
    PUBLISHER = CUP,
    SERIES = {Cambridge Atmospheric and Space Science Series},
    YEAR = 1995
}

@BOOK{Golub:MC,
    AUTHOR = {G. H. Golub and C. F. Van Loan},
    TITLE = {Matrix Computations},
    PUBLISHER = JHUP,
    SERIES = {John Hopkins Series in the Mathematical Sciences},
    YEAR = 1989
}

@BOOK{Ortega:ISN,
    AUTHOR = {J. M. Ortega and W. C. Rheinboldt},
    TITLE = {Iterative Solution of Nonlinear Equations in Several Variables},
    PUBLISHER = AP,
    SERIES = {Computer Science and Applied Mathematics},
    YEAR = 1970
}

@BOOK{Lorenz:NTG,
    AUTHOR = {E. N. Lorenz},
    TITLE = {The Nature and Theory of the General Circulation of the Atmosphere},
    PUBLISHER = WMO,
    SERIES = {WMO(Series)},
    YEAR = 1967
}

@BOOK{Dutton:CW,
    AUTHOR = {J. A. Dutton},
    TITLE = {The Ceaseless Wind: {An introduction to the theory of atmospheric motion}},
    PUBLISHER = MH,
    YEAR = 1976
}

@ARTICLE{Kreiss:CAM,
   AUTHOR = {H.-O. Kreiss and J. Oliger},
   TITLE = {Comparison of accurate methods for the integration of hyperbolic equations},
   JOURNAL = TELL,
   VOLUME = 24,
   PAGES = {199--215},
   YEAR = 1972
}

@BOOK{Boyd:CFSM,
		AUTHOR = {John P. Boyd},
		TITLE = {Chebyshev and Fourier Spectral Methods},
		PUBLISHER = DOV,
		EDITION = {2nd},
		YEAR = 2000
}

@BOOK{Holton:IDM,
		AUTHOR = {James R. Holton},
		TITLE = {An Introduction to Dynamic Meteorology},
		PUBLISHER = AP,
		YEAR = 1972
}

@BOOK{Snyder:MP,
		AUTHOR = {John P. Snyder},
		TITLE = {Map projections--A Working Manual},
		PUBLISHER = {U.S. Geological Survey professional paper ; 1395},
		YEAR = 1987
}

@BOOK{Acton:NMW,
		AUTHOR = {F. S. Acton},
		TITLE = {Numerical Methods that Work},
		PUBLISHER = {Harper and Row},
		YEAR = 1970
}

@ARTICLE{Stokes:TOW,
   AUTHOR = {G. G. Stokes},
   TITLE = {On the theory of Oscillatory Waves},
   JOURNAL = {Camb. Trans.},
   VOLUME = {viii},
   PAGES = {441--473},
   YEAR = 1847
}

@ARTICLE{Gander:AQR,
   AUTHOR = {W. Gander and W. Gautschi},
   TITLE = {Adaptive Quadrature - Revisited},
   JOURNAL = {BIT},
   VOLUME = 40,
   NUMBER = 1,
   MONTH = {March},
   PAGES = {84--101},
   YEAR = 2000
}

@ARTICLE{Lindzen:NLR,
   AUTHOR = {R. S. Lindzen and M. R. Schoeberl},
   TITLE = {A Note on the Limits of Rossby Wave Amplitudes},
   JOURNAL = JAS,
   VOLUME = 39,
   NUMBER = 5,
   MONTH = {May},
   PAGES = {1171--1174},
   YEAR = 1982
}

@ARTICLE{Loesch:FAS,
   AUTHOR = {A. Z. Loesch},
   TITLE = {Finite-Amplitude Stability or {Rossby} Wave Flow},
   JOURNAL = JAS,
   VOLUME = 35,
   NUMBER = 6,
   MONTH = {June},
   PAGES = {929--939},
   YEAR = 1978
}

@ARTICLE{Lorenz:BIR,
   AUTHOR = {E. Lorenz},
   TITLE = {Barotropic instability of {Rossby} wave motion},
   JOURNAL = JAS,
   VOLUME = 29,
   NUMBER = 2,
   MONTH = {February},
   PAGES = {258--265},
   YEAR = 1972
}

@ARTICLE{Lilly:NBI,
   AUTHOR = {D. K. Lilly},
   TITLE = {A Note on Barotropic Instability and Predictability},
   JOURNAL = JAS,
   VOLUME = 30,
   NUMBER = 1,
   MONTH = {January},
   PAGES = {145--146},
   YEAR = 1973
}

@ARTICLE{Cokelet:SGW,
   AUTHOR = {E. D. Cokelet},
   TITLE = {Steep gravity waves in water of arbitrary uniform depth},
   JOURNAL = {Philos. Trans. R. Soc. London Ser. {\em A}},
   VOLUME = 286,
   PAGES = {183--230},
   YEAR = 1977
}

@ARTICLE{Schwartz:SNW,
   AUTHOR = {L.W. Schwartz and J.D. Fenton},
   TITLE = {Strongly nonlinear waves},
   JOURNAL = {Ann. Rev. Fluid Mech.},
   VOLUME = 14,
   PAGES = {39--60},
   YEAR = 1982
}

@ARTICLE{Chen:SGC,
   AUTHOR = {B. Chen and P.G. Saffman},
   TITLE = {Steady gravity-capillary waves on deep water {II. Numerical results for finite amplitude}},
   JOURNAL = {Studies in Appl. Math.},
   VOLUME = 62,
   PAGES = {95--111},
   YEAR = {1980b}
}

@ARTICLE{Longuet:RIP,
   AUTHOR = {M.S. Longuet-Higgins and A.E. Gill},
   TITLE = {Resonant interactions between planetary waves},
   JOURNAL = {Proc. R. Soc. Lond. {\em A}},
   VOLUME = 299,
   PAGES = {120--140},
   YEAR = 1967
}

@ARTICLE{Forbes:SWL2,
   AUTHOR = {L.K. Forbes},
   TITLE = {Surface waves of large amplitude beneath an elastic sheet. {Part 2.} {Galerkin} solution},
   JOURNAL = JFM,
   VOLUME = 188,
   PAGES = {491--508},
   YEAR = 1988
}

@ARTICLE{Forbes:SWL1,
   AUTHOR = {L.K. Forbes},
   TITLE = {Surface waves of large amplitude beneath an elastic sheet. {Part 1.} {High}-order series solution},
   JOURNAL = JFM,
   VOLUME = 169,
   PAGES = {409--428},
   YEAR = 1986
}

@ARTICLE{Wilton:OR,
   AUTHOR = {J.R. Wilton},
   TITLE = {On ripples},
   JOURNAL = {Philos. Mag.},
   NUMBER = 6,
   VOLUME = 29,
   PAGES = {688--700},
   YEAR = {1915}
}

@BOOK{Abramowitz:HMF,
    AUTHOR = {M. Abromowitz and I. A. Stegun},
    TITLE = {Handbook of Mathematical Functions with Formulas, Graphs, and Mathematical Tables},
    PUBLISHER = {Dover},
    YEAR = 1972
}

@ARTICLE{Hogan:SES1,
   AUTHOR = {S. J. Hogan},
   TITLE = {Some effects of surface tension on steep water waves},
   JOURNAL = JFM,
   VOLUME = 91,
   PAGES = {167--180},
   YEAR = 1979
}

@ARTICLE{Hogan:SES2,
   AUTHOR = {S. J. Hogan},
   TITLE = {Some effects of surface tension on steep water waves. {Part} 2},
   JOURNAL = JFM,
   VOLUME = 96,
   PAGES = {417--445},
   YEAR = 1980
}

@ARTICLE{Hogan:SES3,
   AUTHOR = {S. J. Hogan},
   TITLE = {Some effects of surface tension on steep water waves. {Part} 3},
   JOURNAL = JFM,
   VOLUME = 110,
   PAGES = {381--410},
   YEAR = 1981
}

@BOOK{Ames:NMP,
    AUTHOR = {W. F. Ames},
    TITLE = {Numerical Methods for partial differential equations},
    PUBLISHER = AP,
    edition = {second},
    YEAR = 1977
}

@Book{Kreyszig:AEM,
  author =   {E. Kreyszig},
  title =   {Advanced Engineering Mathematics},
  publisher =   {Wiley},
  year =   {1988},
  edition =   {sixth}
}

@BOOK{Haltiner:NPD,
    AUTHOR = {G. J. Haltiner and R. T. Williams},
    TITLE = {Numerical Prediction and Dynamic Meteorology},
    PUBLISHER = {Wiley},
    YEAR = 1980,
    edition =   {second}
}

@ARTICLE{Callaghan:NPR,
   AUTHOR = {T. G. Callaghan and L. K. Forbes},
   TITLE = {Nonlinear progressive {Rossby} waves for incompressible flow on a rotating sphere, {Submitted for publication}},
   JOURNAL = {J. Fluid Mech.},
   YEAR = 2004
}

@BOOK{Hill:CGU,
    AUTHOR = {F. S. Hill},
    TITLE = {Computer Graphics Using OpenGL},
    PUBLISHER = PH,
    EDITION = {Second},
    YEAR = 2001
}